<?xml version="1.0" encoding="UTF-8"?><collection xmlns="http://www.loc.gov/MARC21/slim"><record><leader>00598nam--2200193-u-4500</leader><controlfield tag="001">000053168</controlfield><controlfield tag="002">20161230</controlfield><controlfield tag="005">20161230201051</controlfield><controlfield tag="008">110110s1000------------r-----000-0-eng-d</controlfield><datafield ind1=" " ind2=" " tag="020"><subfield code="a">0854043004</subfield></datafield><datafield ind1=" " ind2=" " tag="040"><subfield code="a">IFIN-HH</subfield></datafield><datafield ind1=" " ind2=" " tag="080"><subfield code="a">539.124.143:53.083.2</subfield></datafield><datafield ind1="1" ind2=" " tag="100"><subfield code="a">Atherton, N.M</subfield></datafield><datafield ind1="1" ind2="0" tag="245"><subfield code="a">Electron spin resonance</subfield><subfield code="b">Volume 15. a specialist periodical report</subfield><subfield code="c">N.m. atherton; m.j. davies; b.c. gilbert (senoir reporters)</subfield></datafield><datafield ind1=" " ind2=" " tag="260"><subfield code="a">Cambridge</subfield><subfield code="b">The Royal Society Of Chemistry</subfield><subfield code="c">1996</subfield></datafield><datafield ind1=" " ind2=" " tag="300"><subfield code="a">283P</subfield></datafield><datafield ind1="1" ind2=" " tag="700"><subfield code="a">Gilbert, B.C</subfield></datafield><datafield ind1=" " ind2=" " tag="852"><subfield code="a">81610</subfield><subfield code="c">539.124.143</subfield></datafield><datafield ind1=" " ind2=" " tag="CAT"><subfield code="a">Sys</subfield><subfield code="c">20110110</subfield><subfield code="h">141703</subfield></datafield></record></collection>